2429 3118
619 275 709 322 DE
759 270 1052 354 LAPIDE-
1074 258 1492 330 VIOLACEO.
1877 283 1908 330 7

172 384 367 444 miniS,
398 350 586 450 quod·
572 396 630 432 in
657 374 739 430 his
762 371 1078 446 supradietis
1099 373 1254 437 locis,
1295 388 1423 424 cum
1446 371 1697 427 nondum
1719 366 1912 441 procul

172 471 334 522 iverit
357 486 385 521 a
409 466 558 521 fonte
578 465 671 520 suo
698 467 750 518 &
779 464 957 536 prima
984 461 1332 533 scaturigine,
1364 478 1464 516 nec
1487 461 1621 517 alios
1644 458 1751 514 huc
1775 456 1912 516 dum

173 562 233 613 in
258 560 435 612 finum
465 559 623 611 suurn
651 559 911 629 receperit
945 557 1095 608 rivos
1119 555 1172 607 ὃς
1194 554 1434 617 rivulOS,
1466 555 1635 609 saltim
1674 568 1912 628 parvum

171 649 299 703 sistit
323 655 406 704 riv
412 666 538 712 um,
565 665 763 719 magna
785 645 942 701 datur
963 648 1232 719 quantitas
1254 643 1455 718 horum
1481 651 1913 703 aromaticorum

171 741 345 796 violas
367 736 729 793 redolentium
753 736 1027 812 lapidum,
1049 743 1166 791 non
1189 737 1412 811 quidem
1437 738 1665 813 ubique,
1687 737 1772 796 sed
1797 754 1911 794 cer·

171 835 241 885 tis
263 836 322 886 in
347 831 486 887 locis
516 832 767 906 sparsim„
1409 848 1411 853 ’

310 925 461 979 Visui
486 921 728 996 praebent
753 927 811 976 in
835 924 995 978 latere
1023 925 1310 1000 superiori,
1336 932 1447 983 aeri
1469 927 1710 984 liberiori
1743 941 1911 999 expo-

168 1014 294 1080 fit0,
318 1014 562 1069 colorem
585 1011 1039 1084 elegantiffimum
1062 1021 1395 1082 amantium,
1411 1019 1466 1073 id
1488 1020 1586 1084 est,
1607 1036 1772 1092 quem
1793 1033 1911 1072 cor-

170 1110 303 1160 tices
324 1121 629 1178 pomorum
655 1100 1031 1176 aurantiorum
1055 1102 1255 1160 habent
1270 1148 1284 1174 ,
1305 1125 1416 1181 quo
1444 1124 1626 1183 autem
1650 1110 1833 1165 colore
1852 1112 1918 1162 in

167 1209 318 1269 parte
342 1194 545 1260 aversa,
568 1190 767 1249 terram
791 1193 877 1247 vel
897 1192 1131 1248 fundum
1154 1197 1312 1252 fluvii
1334 1198 1624 1273 spectante,
1647 1199 1804 1274 plane
1826 1217 1915 1254 ca-

166 1300 315 1352 rent,
352 1304 470 1359 quae
496 1302 716 1357 quoque
745 1302 871 1357 pars
892 1286 975 1339 vel
1001 1285 1137 1342 latus
1159 1292 1345 1342 omnis
1370 1291 1557 1346 odoris
1583 1308 1776 1358 expers
1800 1293 1913 1343 exi-

163 1374 318 1432 stit-u
396 1373 580 1443 Hujus
605 1374 966 1445 phoenomeni
993 1377 1171 1434 inscii,
1196 1379 1416 1443 quando
1441 1380 1557 1428 loca
1591 1374 1699 1429 hoc
1722 1377 1914 1448 lapidis

166 1476 365 1537 genere
402 1457 558 1510 strata
582 1462 640 1510 in
664 1470 969 1511 memorata
992 1456 1159 1511 divite
1194 1462 1337 1530 sylva
1366 1465 1766 1535 pertranseunt,
1803 1460 1918 1522 miss'

163 1564 353 1604 rantur
374 1548 574 1613 statim,
597 1565 655 1602 ac
677 1551 983 1620 percipiunt
1001 1548 1224 1604 naribus
1247 1551 1735 1625 fragrantissimum
1762 1554 1909 1614 hunc

165 1640 396 1695 odorem
413 1679 426 1705 ‚
454 1656 564 1712 quo
596 1651 708 1692 tota
734 1641 1088 1696 circumcirca
1110 1644 1466 1717 atmosphaera
1488 1645 1696 1720 perfusa
1722 1651 1774 1702 &
1802 1651 1906 1703 cir-

162 1726 434 1795 cumfusa,
454 1728 750 1801 praesertim
769 1732 978 1781 urentis
1001 1731 1122 1785 solis
1144 1732 1308 1787 radiis
1328 1736 1706 1791 accedentibus
1728 1744 1908 1811 magis

162 1824 447 1893 magisque
470 1817 756 1883 rarefacta,
782 1819 880 1885 est,
913 1821 1325 1896 obstupescunt,
1349 1830 1617 1899 quoniam
1643 1844 1763 1894 ρος,
1788 1845 1907 1883 tan-

167 1926 336 1982 quam
361 1913 420 1961 in
448 1908 623 1962 studio
651 1909 881 1961 naturali
912 1917 1237 1985 peregrinos
1260 1918 1310 1969 δε
1336 1915 1599 2006 hospites,
1624 1916 1903 1974 abscondi·

161 2009 215 2053 ta
240 1994 512 2071 profunde
543 1999 667 2051 latet
691 1999 911 2054 causa-2.
987 2003 1110 2056 Hoc
1135 2003 1408 2077 lapideum
1435 2024 1752 2069 concretum
1775 2027 1905 2066 cum

164 2082 260 2140 suo
284 2085 522 2142 Lichene
546 2086 904 2143 suaveolentia
927 2090 1014 2146 sua
1037 2107 1187 2164 grata
1212 2113 1255 2149 c
1247 2095 1333 2150 ibi
1339 2097 1460 2151 culo
1486 2098 1701 2154 cuidam
1724 2104 1905 2173 impo-

162 2174 323 2230 situm
342 2217 355 2241 ,
380 2189 558 2230 totum
589 2177 642 2231 id
657 2177 826 2252 replet
850 2180 1147 2253 vaporibus
1161 2188 1209 2238 3:
1226 2185 1658 2242 exhalationibus
1680 2188 1784 2244 suis
1800 2189 1902 2244 sul-

162 2267 412 2342 phureis,
449 2273 527 2322 uti
558 2269 916 2326 diveriimode
962 2269 1070 2330 hoc
1105 2280 1161 2329 in
1194 2295 1322 2332 meo
1363 2278 1647 2335 observavi
1685 2283 1870 2336 museo
1884 2301 1900 2346 3

162 2372 393 2429 augetur
420 2372 602 2413 autem
639 2357 779 2412 odor
805 2363 857 2415 &
885 2367 1065 2434 magis
1087 2372 1374 2440 magisque
1408 2372 1456 2423 se
1491 2388 1588 2443 per
1622 2369 1900 2444 hypocau-

161 2444 610 2523 stumdiffundit,
637 2444 961 2525 effluviaque
990 2456 1147 2508 citius
1171 2451 1222 2514 ὃς
1242 2457 1441 2516 melius
1461 2456 1734 2515 hincinde
1757 2460 1900 2533 spar-

1784 2551 1862 2620 git
1881 2590 1894 2614 2
